@book{saito1984grundkurs,
  title={Grundkurs der modernen japanischen Sprache},
  author={Saito, E. and Silberstein, H.},
  url={https://books.google.de/books?id=OFnWmgEACAAJ},
  year={1984},
  publisher={VEB Verlag Enzyklop{\"a}die}
}
@book{katsukipestemer2004grundstudium,
  title={Grundstudium Japanisch: Bd. 1. Buch},
  author={KatsukiPestemer, N.},
  number={Bd. 1},
  isbn={9783427009207},
  url={https://books.google.de/books?id=0ZOOQwAACAAJ},
  year={2004},
  publisher={Bildungsverl. Eins}
}
@book{arnold2004igelfisch,
  title={Igelfisch macht kugelrund - japanische Grammatik: ein Leitfaden f{\"u}r Fortgeschrittene und Lehrende},
  author={Arnold-Kanamori, H.},
  isbn={9783891294130},
  url={https://books.google.de/books?id=4ZNQAAAACAAJ},
  year={2004},
  publisher={Iudicium}
}
@book{garnier1990japanisch,
  title={Japanisch ohne M{\"u}he},
  author={Garnier, C. and Mori, T.},
  number={Bd. 1},
  isbn={9782700501506},
  series={Assimil-Sprachkurse},
  url={https://books.google.de/books?id=oQUASwAACAAJ},
  year={1990},
  publisher={Assimil France}
}
@book{garnier1990japanisch,
  title={Japanisch ohne M{\"u}he},
  author={Garnier, C. and Mori, T.},
  number={Bd. 2},
  isbn={9782700501513},
  series={Assimil-Sprachkurse},
  url={https://books.google.de/books?id=BIjaPwAACAAJ},
  year={1990},
  publisher={Assimil France}
}
@book{garnier1991assimil,
  title={Assimil. Japanisch ohne M{\"u}he. Die Kanji-Schrift. Lehrbuch (Kalligrafie)},
  author={Garnier, C. and Toshiko, M.},
  isbn={9782700501520},
  series={ASSiMiL Selbstlernkurs f{\"u}r Deutsche},
  url={https://books.google.de/books?id=TIQgPQAACAAJ},
  year={1991},
  publisher={Assimil Italia}
}
@book{rowleykanji,
  title={Kanji Pict-o-Graphix: Over 1,000 Japanese Kanji and Kana Mnemonics},
  author={Rowley, M.},
  series={ Reference, Entertainment, Comics \& Graphic Novels },
  url={https://books.google.de/books?id=ZsdqBgAAQBAJ}
}
@book{hadamitzky2012kanji,
  title={Kanji und Kana: die Welt der japanischen Schrift in einem Band ; Lernbuch und Lexikon},
  author={Hadamitzky, W.},
  isbn={9783862050871},
  url={https://books.google.de/books?id=H6qBtgAACAAJ},
  year={2012},
  publisher={Iudicium}
}
@book{seely2016complete,
  title={The Complete Guide to Japanese Kanji: Remembering and Understanding the 2,136 Standard Japanese Characters},
  author={Seely, C. and Henshall, K.G. and Fan, J.},
  isbn={9781462917730},
  url={https://books.google.de/books?id=W\_CMCwAAQBAJ},
  year={2016},
  publisher={Tuttle Publishing}
}
@book{david2006kanji,
  title={The Kanji Handbook: (JLPT All Levels) This Japanese Character Dictionary and Kanji Textbook Uses an Innovative and Effective System},
  author={David, V.},
  isbn={9780804837798},
  lccn={2006929281},
  series={Languages Series},
  url={https://books.google.de/books?id=jKxV\_n4\_4DcC},
  year={2006},
  publisher={Tuttle Publishing}
}
@book{conning2013漢字を理解,
  title={漢字を理解: },
  author={Conning, A.S. and Halpern, J.},
  isbn={9781568365268},
  lccn={2013037071},
  url={https://books.google.de/books?id=6l6cmQEACAAJ},
  year={2013},
  publisher={Kodansha USA}
}
